% ------------------------------------------------------------------------
% BIBLIOGRAFIA
% ------------------------------------------------------------------------

@online{www1,
  TITLE =        {Strona internetowa firmy SELS},
  URL =    		 {http://www.sels.com.pl/index.php?cPath=1},
  URLDATE =		 {2012-10-29}
}
